@INPROCEEDINGS{weiglhofer2009usingspectrum,
  author = {Martin Weiglhofer and Gordon Fraser and Franz Wotawa},
  title = {Using Spectrum-based Fault Localization for Test Case Grouping},
  booktitle = {Proceedings of the 24th IEEE/ACM International Conference on Automated
	Software Engineering},
  year = {2009},
  pages = {630--634},
  address = {Washington, DC, USA},
  month = {November},
  publisher = {IEEE Computing Society},
  comment = {a},
  owner = {martin},
  timestamp = {2009.08.17}
}
